@ARTICLE{neg-sample,
  author = {{Mikolov}, T. and {Sutskever}, I. and {Chen}, K. and {Corrado}, G. and {Dean}, J.},
  title = "{Distributed Representations of Words and Phrases and their Compositionality}",
  journal = {ArXiv e-prints}, archivePrefix = "arXiv", eprint = {1310.4546}, primaryClass = "cs.CL",
  keywords = {Computer Science - Computation and Language, Computer Science - Learning, Statistics - Machine Learning},
  year = 2013,
  month = oct,
  adsurl = {http://adsabs.harvard.edu/abs/2013arXiv1310.4546M},
  adsnote = {Provided by the SAO/NASA Astrophysics Data System}
}

@ARTICLE{doc2vec,
   author = {{Le}, Q.~V. and {Mikolov}, T.},
    title = "{Distributed Representations of Sentences and Documents}",
  journal = {ArXiv e-prints},
archivePrefix = "arXiv",
   eprint = {1405.4053},
 primaryClass = "cs.CL",
 keywords = {Computer Science - Computation and Language, Computer Science - Artificial Intelligence, Computer Science - Learning},
     year = 2014,
    month = may,
   adsurl = {http://adsabs.harvard.edu/abs/2014arXiv1405.4053L},
  adsnote = {Provided by the SAO/NASA Astrophysics Data System}
}

@ARTICLE{infersent,
   author = {{Conneau}, A. and {Kiela}, D. and {Schwenk}, H. and {Barrault}, L. and 
	{Bordes}, A.},
    title = "{Supervised Learning of Universal Sentence Representations from Natural Language Inference Data}",
  journal = {ArXiv e-prints},
archivePrefix = "arXiv",
   eprint = {1705.02364},
 primaryClass = "cs.CL",
 keywords = {Computer Science - Computation and Language},
     year = 2017,
    month = may,
   adsurl = {http://adsabs.harvard.edu/abs/2017arXiv170502364C},
  adsnote = {Provided by the SAO/NASA Astrophysics Data System}
}

@ARTICLE{drqa,
   author = {{Chen}, D. and {Fisch}, A. and {Weston}, J. and {Bordes}, A.
	},
    title = "{Reading Wikipedia to Answer Open-Domain Questions}",
  journal = {ArXiv e-prints},
archivePrefix = "arXiv",
   eprint = {1704.00051},
 primaryClass = "cs.CL",
 keywords = {Computer Science - Computation and Language},
     year = 2017,
    month = mar,
   adsurl = {http://adsabs.harvard.edu/abs/2017arXiv170400051C},
  adsnote = {Provided by the SAO/NASA Astrophysics Data System}
}

@ARTICLE{rake,
  author = {Rose, Stuart and Engel, Dave and Cramer, Nick and Cowley, Wendy},
  year = {2010},
  month = {03},
  pages = {1 - 20},
  title = {Automatic Keyword Extraction from Individual Documents},
  isbn = {9780470689646},
  booktitle = {Text Mining: Applications and Theory}
}

@inproceedings{coll-word-embb,
 author = {Collobert, Ronan and Weston, Jason},
 title = {A Unified Architecture for Natural Language Processing: Deep Neural Networks with Multitask Learning},
 booktitle = {Proceedings of the 25th International Conference on Machine Learning},
 series = {ICML '08},
 year = {2008},
 isbn = {978-1-60558-205-4},
 location = {Helsinki, Finland},
 pages = {160--167},
 numpages = {8},
 url = {http://doi.acm.org/10.1145/1390156.1390177},
 doi = {10.1145/1390156.1390177},
 acmid = {1390177},
 publisher = {ACM},
 address = {New York, NY, USA},
}

@ARTICLE{word2vec,
   author = {{Mikolov}, T. and {Chen}, K. and {Corrado}, G. and {Dean}, J.
	},
    title = "{Efficient Estimation of Word Representations in Vector Space}",
  journal = {ArXiv e-prints},
archivePrefix = "arXiv",
   eprint = {1301.3781},
 primaryClass = "cs.CL",
 keywords = {Computer Science - Computation and Language},
     year = 2013,
    month = jan,
   adsurl = {http://adsabs.harvard.edu/abs/2013arXiv1301.3781M},
  adsnote = {Provided by the SAO/NASA Astrophysics Data System}
}

@ARTICLE{lsa,
    author = {Thomas K Landauer and Susan T. Dutnais},
    title = {A solution to Platoâ€™s problem: The latent semantic analysis theory of acquisition, induction, and representation of knowledge},
    journal = {PSYCHOLOGICAL REVIEW},
    year = {1997},
    volume = {104},
    number = {2},
    pages = {211--240}
}

@article{semb-baseline,
	author = {Sanjeev Arora and Yingyu Liang and Tengyu Ma}, 
	title = {A Simple but Tough-to-Beat Baseline for Sentence Embeddings}, 
	booktitle = {International Conference on Learning Representations},
	year = {2017}
}

@InProceedings{semb-eg1,
  author = 	"Iyyer, Mohit
		and Manjunatha, Varun
		and Boyd-Graber, Jordan
		and Daum{\'e} III, Hal",
  title = 	"Deep Unordered Composition Rivals Syntactic Methods for Text Classification",
  booktitle = 	"Proceedings of the 53rd Annual Meeting of the Association for Computational Linguistics and the 7th International Joint Conference on Natural Language Processing (Volume 1: Long Papers)",
  year = 	"2015",
  publisher = 	"Association for Computational Linguistics",
  pages = 	"1681--1691",
  location = 	"Beijing, China",
  doi = 	"10.3115/v1/P15-1162",
  url = 	"http://www.aclweb.org/anthology/P15-1162"
}

@ARTICLE{wieting2016,
   author = {{Wieting}, J. and {Bansal}, M. and {Gimpel}, K. and {Livescu}, K.
	},
    title = "{Towards Universal Paraphrastic Sentence Embeddings}",
  journal = {ArXiv e-prints},
archivePrefix = "arXiv",
   eprint = {1511.08198},
 primaryClass = "cs.CL",
 keywords = {Computer Science - Computation and Language, Computer Science - Learning},
     year = 2015,
    month = nov,
   adsurl = {http://adsabs.harvard.edu/abs/2015arXiv151108198W},
  adsnote = {Provided by the SAO/NASA Astrophysics Data System}
}

@ARTICLE{skipthought,
   author = {{Kiros}, R. and {Zhu}, Y. and {Salakhutdinov}, R. and {Zemel}, R.~S. and 
	{Torralba}, A. and {Urtasun}, R. and {Fidler}, S.},
    title = "{Skip-Thought Vectors}",
  journal = {ArXiv e-prints},
archivePrefix = "arXiv",
   eprint = {1506.06726},
 primaryClass = "cs.CL",
 keywords = {Computer Science - Computation and Language, Computer Science - Learning},
     year = 2015,
    month = jun,
   adsurl = {http://adsabs.harvard.edu/abs/2015arXiv150606726K},
  adsnote = {Provided by the SAO/NASA Astrophysics Data System}
}

@inproceedings{socher2011,
 author = {Socher, Richard and Huang, Eric H. and Pennington, Jeffrey and Ng, Andrew Y. and Manning, Christopher D.},
 title = {Dynamic Pooling and Unfolding Recursive Autoencoders for Paraphrase Detection},
 booktitle = {Proceedings of the 24th International Conference on Neural Information Processing Systems},
 series = {NIPS'11},
 year = {2011},
 isbn = {978-1-61839-599-3},
 location = {Granada, Spain},
 pages = {801--809},
 numpages = {9},
 url = {http://dl.acm.org/citation.cfm?id=2986459.2986549},
 acmid = {2986549},
 publisher = {Curran Associates Inc.},
 address = {USA},
}

@article{blunsom2014,
  author    = {Nal Kalchbrenner and
               Edward Grefenstette and
               Phil Blunsom},
  title     = {A Convolutional Neural Network for Modelling Sentences},
  journal   = {CoRR},
  volume    = {abs/1404.2188},
  year      = {2014},
  url       = {http://arxiv.org/abs/1404.2188},
  archivePrefix = {arXiv},
  eprint    = {1404.2188},
  timestamp = {Wed, 07 Jun 2017 14:42:24 +0200},
  biburl    = {https://dblp.org/rec/bib/journals/corr/KalchbrennerGB14},
  bibsource = {dblp computer science bibliography, https://dblp.org}
}

@article{tai2015,
  author    = {Kai Sheng Tai and
               Richard Socher and
               Christopher D. Manning},
  title     = {Improved Semantic Representations From Tree-Structured Long Short-Term
               Memory Networks},
  journal   = {CoRR},
  volume    = {abs/1503.00075},
  year      = {2015},
  url       = {http://arxiv.org/abs/1503.00075},
  archivePrefix = {arXiv},
  eprint    = {1503.00075},
  timestamp = {Wed, 07 Jun 2017 14:43:13 +0200},
  biburl    = {https://dblp.org/rec/bib/journals/corr/TaiSM15},
  bibsource = {dblp computer science bibliography, https://dblp.org}
}

@inproceedings{wang2016,
  title={CSE: Conceptual Sentence Embeddings based on Attention Model},
  author={Yashen Wang and Heyan Huang and Chong Feng and Qiang Zhou and Jiahui Gu and Xiong Gao},
  booktitle={ACL},
  year={2016}
}

@article{schakelW15,
  author    = {Adriaan M. J. Schakel and
               Benjamin J. Wilson},
  title     = {Measuring Word Significance using Distributed Representations of Words},
  journal   = {CoRR},
  volume    = {abs/1508.02297},
  year      = {2015},
  url       = {http://arxiv.org/abs/1508.02297},
  archivePrefix = {arXiv},
  eprint    = {1508.02297},
  timestamp = {Wed, 07 Jun 2017 14:42:56 +0200},
  biburl    = {https://dblp.org/rec/bib/journals/corr/SchakelW15},
  bibsource = {dblp computer science bibliography, https://dblp.org}
}

@article{bowmanAPM15,
  author    = {Samuel R. Bowman and
               Gabor Angeli and
               Christopher Potts and
               Christopher D. Manning},
  title     = {A large annotated corpus for learning natural language inference},
  journal   = {CoRR},
  volume    = {abs/1508.05326},
  year      = {2015},
  url       = {http://arxiv.org/abs/1508.05326},
  archivePrefix = {arXiv},
  eprint    = {1508.05326},
  timestamp = {Wed, 07 Jun 2017 14:42:55 +0200},
  biburl    = {https://dblp.org/rec/bib/journals/corr/BowmanAPM15},
  bibsource = {dblp computer science bibliography, https://dblp.org}
}

@article{max-pooling,
  author    = {Ronan Collobert and
               Jason Weston and
               L{\'{e}}on Bottou and
               Michael Karlen and
               Koray Kavukcuoglu and
               Pavel P. Kuksa},
  title     = {Natural Language Processing (almost) from Scratch},
  journal   = {CoRR},
  volume    = {abs/1103.0398},
  year      = {2011},
  url       = {http://arxiv.org/abs/1103.0398},
  archivePrefix = {arXiv},
  eprint    = {1103.0398},
  timestamp = {Wed, 07 Jun 2017 14:43:14 +0200},
  biburl    = {https://dblp.org/rec/bib/journals/corr/abs-1103-0398},
  bibsource = {dblp computer science bibliography, https://dblp.org}
}

@article{weinberger2009,
  author    = {Kilian Q. Weinberger and
               Anirban Dasgupta and
               Josh Attenberg and
               John Langford and
               Alexander J. Smola},
  title     = {Feature Hashing for Large Scale Multitask Learning},
  journal   = {CoRR},
  volume    = {abs/0902.2206},
  year      = {2009},
  url       = {http://arxiv.org/abs/0902.2206},
  archivePrefix = {arXiv},
  eprint    = {0902.2206},
  timestamp = {Sat, 06 Jan 2018 16:54:34 +0100},
  biburl    = {https://dblp.org/rec/bib/journals/corr/abs-0902-2206},
  bibsource = {dblp computer science bibliography, https://dblp.org}
}

@inproceedings{glove,
  author = {Jeffrey Pennington and Richard Socher and Christopher D. Manning},
  booktitle = {Empirical Methods in Natural Language Processing (EMNLP)},
  title = {GloVe: Global Vectors for Word Representation},
  year = {2014},
  pages = {1532--1543},
  url = {http://www.aclweb.org/anthology/D14-1162},
}

@article{tsne,
  added-at = {2015-06-19T12:07:15.000+0200},
  author = {van der Maaten, Laurens and Hinton, Geoffrey},
  biburl = {https://www.bibsonomy.org/bibtex/28b9aebb404ad4a4c6a436ea413550b30/lopusz_kdd},
  interhash = {370ba8b9e1909b61880a6f47c93bcd49},
  intrahash = {8b9aebb404ad4a4c6a436ea413550b30},
  journal = {Journal of Machine Learning Research},
  keywords = {dimensionality_reduction tSNE visualization},
  pages = {2579--2605},
  timestamp = {2015-08-19T15:19:11.000+0200},
  title = {Visualizing Data using {t-SNE} },
  url = {http://www.jmlr.org/papers/v9/vandermaaten08a.html},
  volume = 9,
  year = 2008
}

@inproceedings{qlm,
 author = {Ponte, Jay M. and Croft, W. Bruce},
 title = {A Language Modeling Approach to Information Retrieval},
 booktitle = {Proceedings of the 21st Annual International ACM SIGIR Conference on Research and Development in Information Retrieval},
 series = {SIGIR '98},
 year = {1998},
 isbn = {1-58113-015-5},
 location = {Melbourne, Australia},
 pages = {275--281},
 numpages = {7},
 url = {http://doi.acm.org/10.1145/290941.291008},
 doi = {10.1145/290941.291008},
 acmid = {291008},
 publisher = {ACM},
 address = {New York, NY, USA},
}

@book{elasticsearch,
 author = {Gormley, Clinton and Tong, Zachary},
 title = {Elasticsearch: The Definitive Guide},
 year = {2015},
 isbn = {1449358543, 9781449358549},
 edition = {1st},
 publisher = {O'Reilly Media, Inc.},
}

@article{bm25,
 author = {Robertson, Stephen and Zaragoza, Hugo},
 title = {The Probabilistic Relevance Framework: BM25 and Beyond},
 journal = {Found. Trends Inf. Retr.},
 issue_date = {April 2009},
 volume = {3},
 number = {4},
 month = apr,
 year = {2009},
 issn = {1554-0669},
 pages = {333--389},
 numpages = {57},
 url = {http://dx.doi.org/10.1561/1500000019},
 doi = {10.1561/1500000019},
 acmid = {1704810},
 publisher = {Now Publishers Inc.},
 address = {Hanover, MA, USA},
}

@incollection{prob-relevance-model,
 author = {Robertson, Stephen E. and Sparck Jones, Karen},
 chapter = {Relevance Weighting of Search Terms},
 title = {Document Retrieval Systems},
 editor = {Willett, Peter},
 year = {1988},
 isbn = {0-947568-21-2},
 pages = {143--160},
 numpages = {18},
 url = {http://dl.acm.org/citation.cfm?id=106765.106783},
 acmid = {106783},
 publisher = {Taylor Graham Publishing},
 address = {London, UK, UK},
}

@inproceedings{metzler2005,
 author = {Metzler, Donald and Croft, W. Bruce},
 title = {A Markov Random Field Model for Term Dependencies},
 booktitle = {Proceedings of the 28th Annual International ACM SIGIR Conference on Research and Development in Information Retrieval},
 series = {SIGIR '05},
 year = {2005},
 isbn = {1-59593-034-5},
 location = {Salvador, Brazil},
 pages = {472--479},
 numpages = {8},
 url = {http://doi.acm.org/10.1145/1076034.1076115},
 doi = {10.1145/1076034.1076115},
 acmid = {1076115},
 publisher = {ACM},
 address = {New York, NY, USA},
 keywords = {Markov random fields, information retrieval, phrases, term dependence},
}

@phdthesis{lavrenko2004,
 author = {Lavrenko, Victor},
 title = {A Generative Theory of Relevance},
 year = {2004},
 isbn = {0-496-13257-1},
 note = {AAI3152722},
 publisher = {University of Massachusetts Amherst},
}

@inproceedings{lavrenko2001,
 author = {Lavrenko, Victor and Croft, W. Bruce},
 title = {Relevance Based Language Models},
 booktitle = {Proceedings of the 24th Annual International ACM SIGIR Conference on Research and Development in Information Retrieval},
 series = {SIGIR '01},
 year = {2001},
 isbn = {1-58113-331-6},
 location = {New Orleans, Louisiana, USA},
 pages = {120--127},
 numpages = {8},
 url = {http://doi.acm.org/10.1145/383952.383972},
 doi = {10.1145/383952.383972},
 acmid = {383972},
 publisher = {ACM},
 address = {New York, NY, USA},
}

@ARTICLE{lsi,
    author = {Scott Deerwester and Susan T. Dumais and George W. Furnas and Thomas K. Landauer and Richard Harshman},
    title = {Indexing by latent semantic analysis},
    journal = {JOURNAL OF THE AMERICAN SOCIETY FOR INFORMATION SCIENCE},
    year = {1990},
    volume = {41},
    number = {6},
    pages = {391--407}
}

@inproceedings{plsi,
 author = {Hofmann, Thomas},
 title = {Probabilistic Latent Semantic Indexing},
 booktitle = {Proceedings of the 22Nd Annual International ACM SIGIR Conference on Research and Development in Information Retrieval},
 series = {SIGIR '99},
 year = {1999},
 isbn = {1-58113-096-1},
 location = {Berkeley, California, USA},
 pages = {50--57},
 numpages = {8},
 url = {http://doi.acm.org/10.1145/312624.312649},
 doi = {10.1145/312624.312649},
 acmid = {312649},
 publisher = {ACM},
 address = {New York, NY, USA},
}

@article{lda,
 author = {Blei, David M. and Ng, Andrew Y. and Jordan, Michael I.},
 title = {Latent Dirichlet Allocation},
 journal = {J. Mach. Learn. Res.},
 issue_date = {3/1/2003},
 volume = {3},
 month = mar,
 year = {2003},
 issn = {1532-4435},
 pages = {993--1022},
 numpages = {30},
 url = {http://dl.acm.org/citation.cfm?id=944919.944937},
 acmid = {944937},
 publisher = {JMLR.org},
}

@inproceedings{grbovic2015,
  title={Context- and Content-aware Embeddings for Query Rewriting in Sponsored Search},
  author={Mihajlo Grbovic and Nemanja Djuric and Vladan Radosavljevic and Fabrizio Silvestri and Narayan Bhamidipati},
  booktitle={SIGIR},
  year={2015}
}

@inproceedings{kuzi2016,
 author = {Kuzi, Saar and Shtok, Anna and Kurland, Oren},
 title = {Query Expansion Using Word Embeddings},
 booktitle = {Proceedings of the 25th ACM International on Conference on Information and Knowledge Management},
 series = {CIKM '16},
 year = {2016},
 isbn = {978-1-4503-4073-1},
 location = {Indianapolis, Indiana, USA},
 pages = {1929--1932},
 numpages = {4},
 url = {http://doi.acm.org/10.1145/2983323.2983876},
 doi = {10.1145/2983323.2983876},
 acmid = {2983876},
 publisher = {ACM},
 address = {New York, NY, USA},
 keywords = {query models, word embeddings},
}

@article{roy2016,
  author    = {Dwaipayan Roy and
               Debjyoti Paul and
               Mandar Mitra and
               Utpal Garain},
  title     = {Using Word Embeddings for Automatic Query Expansion},
  journal   = {CoRR},
  volume    = {abs/1606.07608},
  year      = {2016},
  url       = {http://arxiv.org/abs/1606.07608},
  archivePrefix = {arXiv},
  eprint    = {1606.07608},
  timestamp = {Wed, 07 Jun 2017 14:41:01 +0200},
  biburl    = {https://dblp.org/rec/bib/journals/corr/RoyPMG16},
  bibsource = {dblp computer science bibliography, https://dblp.org}
}

@inproceedings{zheng2015,
 author = {Zheng, Guoqing and Callan, Jamie},
 title = {Learning to Reweight Terms with Distributed Representations},
 booktitle = {Proceedings of the 38th International ACM SIGIR Conference on Research and Development in Information Retrieval},
 series = {SIGIR '15},
 year = {2015},
 isbn = {978-1-4503-3621-5},
 location = {Santiago, Chile},
 pages = {575--584},
 numpages = {10},
 url = {http://doi.acm.org/10.1145/2766462.2767700},
 doi = {10.1145/2766462.2767700},
 acmid = {2767700},
 publisher = {ACM},
 address = {New York, NY, USA},
 keywords = {distributed representations, query term weighting, word vectors},
}

@inproceedings{zamani2016,
 author = {Zamani, Hamed and Croft, W. Bruce},
 title = {Embedding-based Query Language Models},
 booktitle = {Proceedings of the 2016 ACM International Conference on the Theory of Information Retrieval},
 series = {ICTIR '16},
 year = {2016},
 isbn = {978-1-4503-4497-5},
 location = {Newark, Delaware, USA},
 pages = {147--156},
 numpages = {10},
 url = {http://doi.acm.org/10.1145/2970398.2970405},
 doi = {10.1145/2970398.2970405},
 acmid = {2970405},
 publisher = {ACM},
 address = {New York, NY, USA},
 keywords = {language models, pseudo-relevance feedback, query expansion, word embedding},
}

@inproceedings{roy2016b,
 author = {Roy, Dwaipayan and Ganguly, Debasis and Mitra, Mandar and Jones, Gareth J.F.},
 title = {Word Vector Compositionality Based Relevance Feedback Using Kernel Density Estimation},
 booktitle = {Proceedings of the 25th ACM International on Conference on Information and Knowledge Management},
 series = {CIKM '16},
 year = {2016},
 isbn = {978-1-4503-4073-1},
 location = {Indianapolis, Indiana, USA},
 pages = {1281--1290},
 numpages = {10},
 url = {http://doi.acm.org/10.1145/2983323.2983750},
 doi = {10.1145/2983323.2983750},
 acmid = {2983750},
 publisher = {ACM},
 address = {New York, NY, USA},
 keywords = {kernel density estimation, relevance feedback, word compositionality, word vector embedding},
}

@inproceedings{zamani2016b,
 author = {Zamani, Hamed and Croft, W. Bruce},
 title = {Estimating Embedding Vectors for Queries},
 booktitle = {Proceedings of the 2016 ACM International Conference on the Theory of Information Retrieval},
 series = {ICTIR '16},
 year = {2016},
 isbn = {978-1-4503-4497-5},
 location = {Newark, Delaware, USA},
 pages = {123--132},
 numpages = {10},
 url = {http://doi.acm.org/10.1145/2970398.2970403},
 doi = {10.1145/2970398.2970403},
 acmid = {2970403},
 publisher = {ACM},
 address = {New York, NY, USA},
 keywords = {pseudo query vector, query classification, query embedding vector, query expansion, word embedding},
}

@article{diaz2016,
  author    = {Fernando Diaz and
               Bhaskar Mitra and
               Nick Craswell},
  title     = {Query Expansion with Locally-Trained Word Embeddings},
  journal   = {CoRR},
  volume    = {abs/1605.07891},
  year      = {2016},
  url       = {http://arxiv.org/abs/1605.07891},
  archivePrefix = {arXiv},
  eprint    = {1605.07891},
  timestamp = {Wed, 07 Jun 2017 14:41:10 +0200},
  biburl    = {https://dblp.org/rec/bib/journals/corr/DiazMC16},
  bibsource = {dblp computer science bibliography, https://dblp.org}
}

@inproceedings{clinchant2013,
  title={Aggregating Continuous Word Embeddings for Information Retrieval},
  author={St{\'e}phane Clinchant and Florent Perronnin},
  year={2013}
}

@inproceedings{ganguly2015,
 author = {Ganguly, Debasis and Roy, Dwaipayan and Mitra, Mandar and Jones, Gareth J.F.},
 title = {Word Embedding Based Generalized Language Model for Information Retrieval},
 booktitle = {Proceedings of the 38th International ACM SIGIR Conference on Research and Development in Information Retrieval},
 series = {SIGIR '15},
 year = {2015},
 isbn = {978-1-4503-3621-5},
 location = {Santiago, Chile},
 pages = {795--798},
 numpages = {4},
 url = {http://doi.acm.org/10.1145/2766462.2767780},
 doi = {10.1145/2766462.2767780},
 acmid = {2767780},
 publisher = {ACM},
 address = {New York, NY, USA},
 keywords = {generalized language model, word embedding},
}

@inproceedings{zuccon2015,
 author = {Zuccon, Guido and Koopman, Bevan and Bruza, Peter and Azzopardi, Leif},
 title = {Integrating and Evaluating Neural Word Embeddings in Information Retrieval},
 booktitle = {Proceedings of the 20th Australasian Document Computing Symposium},
 series = {ADCS '15},
 year = {2015},
 isbn = {978-1-4503-4040-3},
 location = {Parramatta, NSW, Australia},
 pages = {12:1--12:8},
 articleno = {12},
 numpages = {8},
 url = {http://doi.acm.org/10.1145/2838931.2838936},
 doi = {10.1145/2838931.2838936},
 acmid = {2838936},
 publisher = {ACM},
 address = {New York, NY, USA},
}

@article{mitra2016,
  author    = {Bhaskar Mitra and
               Eric T. Nalisnick and
               Nick Craswell and
               Rich Caruana},
  title     = {A Dual Embedding Space Model for Document Ranking},
  journal   = {CoRR},
  volume    = {abs/1602.01137},
  year      = {2016},
  url       = {http://arxiv.org/abs/1602.01137},
  archivePrefix = {arXiv},
  eprint    = {1602.01137},
  timestamp = {Wed, 07 Jun 2017 14:40:53 +0200},
  biburl    = {https://dblp.org/rec/bib/journals/corr/MitraNCC16},
  bibsource = {dblp computer science bibliography, https://dblp.org}
}

@inproceedings{huang2013,
author = {Huang, Po-Sen and He, Xiaodong and Gao, Jianfeng and Deng, Li and Acero, Alex and Heck, Larry},
title = {Learning Deep Structured Semantic Models for Web Search using Clickthrough Data},
year = {2013},
month = {October},
publisher = {ACM International Conference on Information and Knowledge Management (CIKM)},
}

@inproceedings{shen2014,
  author = {Shen, Yelong and He, Xiaodong and Gao, Jianfeng and Deng, Li and Mesnil, Gregoire},
  title = {A Latent Semantic Model with Convolutional-Pooling Structure for Information Retrieval},
  booktitle = {},
  year = {2014},
  month = {November},
  publisher = {CIKM},
}

@article{guo2017,
  author    = {Jiafeng Guo and
               Yixing Fan and
               Qingyao Ai and
               W. Bruce Croft},
  title     = {A Deep Relevance Matching Model for Ad-hoc Retrieval},
  journal   = {CoRR},
  volume    = {abs/1711.08611},
  year      = {2017},
  url       = {http://arxiv.org/abs/1711.08611},
  archivePrefix = {arXiv},
  eprint    = {1711.08611},
  timestamp = {Sun, 03 Dec 2017 12:38:15 +0100},
  biburl    = {https://dblp.org/rec/bib/journals/corr/abs-1711-08611},
  bibsource = {dblp computer science bibliography, https://dblp.org}
}

@article{mitra2017,
  author    = {Bhaskar Mitra and
               Nick Craswell},
  title     = {Neural Models for Information Retrieval},
  journal   = {CoRR},
  volume    = {abs/1705.01509},
  year      = {2017},
  url       = {http://arxiv.org/abs/1705.01509},
  archivePrefix = {arXiv},
  eprint    = {1705.01509},
  timestamp = {Wed, 07 Jun 2017 14:41:04 +0200},
  biburl    = {https://dblp.org/rec/bib/journals/corr/MitraC17},
  bibsource = {dblp computer science bibliography, https://dblp.org}
}

@book{manning2009,
 author = {Manning, Christopher D. and Raghavan, Prabhakar and Sch\"{u}tze, Hinrich},
 title = {Introduction to Information Retrieval},
 year = {2008},
 isbn = {0521865719, 9780521865715},
 publisher = {Cambridge University Press},
 address = {New York, NY, USA},
}

@article{dropout,
 author = {Srivastava, Nitish and Hinton, Geoffrey and Krizhevsky, Alex and Sutskever, Ilya and Salakhutdinov, Ruslan},
 title = {Dropout: A Simple Way to Prevent Neural Networks from Overfitting},
 journal = {J. Mach. Learn. Res.},
 issue_date = {January 2014},
 volume = {15},
 number = {1},
 month = jan,
 year = {2014},
 issn = {1532-4435},
 pages = {1929--1958},
 numpages = {30},
 url = {http://dl.acm.org/citation.cfm?id=2627435.2670313},
 acmid = {2670313},
 publisher = {JMLR.org},
 keywords = {deep learning, model combination, neural networks, regularization},
}

@article{adam,
  author    = {Diederik P. Kingma and
               Jimmy Ba},
  title     = {Adam: {A} Method for Stochastic Optimization},
  journal   = {CoRR},
  volume    = {abs/1412.6980},
  year      = {2014},
  url       = {http://arxiv.org/abs/1412.6980},
  archivePrefix = {arXiv},
  eprint    = {1412.6980},
  timestamp = {Wed, 07 Jun 2017 14:40:52 +0200},
  biburl    = {https://dblp.org/rec/bib/journals/corr/KingmaB14},
  bibsource = {dblp computer science bibliography, https://dblp.org}
}

@inproceedings{ai2016,
 author = {Ai, Qingyao and Yang, Liu and Guo, Jiafeng and Croft, W. Bruce},
 title = {Improving Language Estimation with the Paragraph Vector Model for Ad-hoc Retrieval},
 booktitle = {Proceedings of the 39th International ACM SIGIR Conference on Research and Development in Information Retrieval},
 series = {SIGIR '16},
 year = {2016},
 isbn = {978-1-4503-4069-4},
 location = {Pisa, Italy},
 pages = {869--872},
 numpages = {4},
 url = {http://doi.acm.org/10.1145/2911451.2914688},
 doi = {10.1145/2911451.2914688},
 acmid = {2914688},
 publisher = {ACM},
 address = {New York, NY, USA},
 keywords = {language model, paragraph vector, retrieval model},
}

@inproceedings{mller2016,
  title={Lecture Translator - Speech translation framework for simultaneous lecture translation},
  author={Markus M{\"u}ller and Thai Son Nguyen and Jan Niehues and Eunah Cho and Bastian Kr{\"u}ger and Thanh-Le Ha and Kevin Kilgour and Matthias Sperber and Mohammed Mediani and Sebastian St{\"u}ker and Alexander H. Waibel},
  booktitle={HLT-NAACL Demos},
  year={2016}
}
